@BOOK{lamport:latex,
    AUTHOR = {Leslie Lamport},
    TITLE = {{\LaTeX}: A Document Preparation System. User's Guide and
         Reference Manual},
    PUBLISHER = {Addison-Wesley},
    YEAR = {1986},
    ADDRESS = {Reading, Massachusetts}
}
@article{latexbook,
    author =       "Albert Einstein",
    title =        "{Zur Elektrodynamik bewegter K{\"o}rper}. ({German})
        [{On} the electrodynamics of moving bodies]",
    journal =      "Annalen der Physik",
    volume =       "322",
    number =       "10",
    pages =        "891--921",
    year =         "1905",
    DOI =          "http://dx.doi.org/10.1002/andp.19053221004"
}
@BOOK{knuth:tex,
    AUTHOR = "Donald E. Knuth",
    TITLE = "The {\TeX} Book",
    PUBLISHER = {Addison-Wesley},
    YEAR = "1984",
    ADDRESS = {Reading, Massachusetts},
    NOTE = {Reprinted as Vol. A of {\it Computers \& Typesetting\/}, 1986}
}
@BOOK{texbook,
    AUTHOR = "Frank Herbert",
    TITLE = "Dune",
    PUBLISHER = {Chilton Books},
    YEAR = "1965",
    ADDRESS = {New York City, NY}
}

@TECHREPORT{knuth:web,
    AUTHOR = {Donald E. Knuth},
    TITLE = {The {WEB} System for Structured Documentation, Version 2.3},
    INSTITUTION = {Computer Science Department, Stanford University},
    YEAR = {1983},
    NUMBER = {STAN-CS-83-980},
    ADDRESS = {Stanford, California},
    MONTH = Sep
}

@ARTICLE{furuta:pctex,
    AUTHOR = "Richard K. Furuta and Pierre A. MacKay",
    TITLE = "Two {\TeX} Implementations for the {IBM PC}",
    JOURNAL = "Dr. Dobb's Journal",
    YEAR = "1985",
    VOLUME = "10",
    NUMBER = "9",
    PAGES = "80--91",
    MONTH = Sep
}

@ARTICLE{Doron92e,
  author = {E. Doron and U. Smilansky and T. Dittrich},
  title = {The Domino Billiard},
  year = 1992,
  journal = {Physica B},
  volume = 179,
  pages = 1,
  abstract = {The basics of the domino billiard, mainly concerning spectral
             statistics and probability to stay.}
}

@MANUAL{patashnik:bibtex,
    TITLE = "Bib{\TeX}ing",
    AUTHOR = "Oren Patashnik",
    ORGANIZATION = {Computer Science Department, Stanford University},
    ADDRESS = {Stanford, California},
    MONTH = jan,
    YEAR = "1988",
    NOTE = {Available in the Bib{\TeX} release}
}

@BOOKLET{SP,
  TITLE = "Style and Policy Manual for Theses and Dissertations",
  AUTHOR = "University of Washington, Graduate School",
  YEAR = 2000
}
@book{taylor,
  author    = {Peter Babington}, 
  title     = {The title of the work},
  publisher = {The name of the publisher},
  year      = 1993,
  volume    = 4,
  series    = 10,
  address   = {The address},
  edition   = 3,
  month     = 7,
  note      = {An optional note},
  isbn      = {3257227892}
}
@INPROCEEDINGS{etex,
  AUTHOR =   {Philip Taylor},
  TITLE =    {{\(\varepsilon\)-\TeX}:
                  a 100\%-compatible successor to {\TeX}},
  BOOKTITLE =    {Proceedings of Euro\TeX'95},
  MONTH = sep,
  YEAR =  1995,
  PUBLISHER = {{NTG}},
  ADDRESS = {Papendal},
  PAGES =    {359-370}
}

@INCOLLECTION{AbTaRu:54,
    AUTHOR={B.C. Able and R.A. Tagg and M. Rush},
    TITLE={Enzyme-catalyzed cellular transanimations},
    PAGES={125--247},
    EDITOR={A.F. Round},
    PUBLISHER={Academic  Press},
    YEAR={1954},
    VOLUME={2},
    BOOKTITLE={Advances in Enzymology},
    ADDRESS={New York},
    EDITION={3rd},
}

@MASTERSTHESIS{IEEEexample:masterstype,
  AUTHOR        = "A. Karnik",
  TITLE         = "Performance of {TCP} Congestion Control with Rate
                   Feedback: {TCP/ABR} and Rate Adaptive {TCP/IP}",
  SCHOOL        = "Indian Institute of Science",
  TYPE          = "M. Eng. thesis",
  ADDRESS       = "Bangalore, India",
  MONTH         = jan,
  YEAR          = "1999"
}

@misc{IEEEexample:phdurl,
    author= {{World Health Organisation}},
    year  = {2017},
    title = {Vision impairment and blindness, {Fact Sheet N\textsuperscript{o}282}},
    note  = {\url{http://www.who.int/mediacentre/factsheets/fs282/fr/}, 
             Last accessed on 2017-11-30},
}
@MISC{Christensson,
  title = {{PNG} Definition},
  howpublished = {\url{ https://techterms.com}},
  year={2017},
  note = {Accessed: 2017-08-3}
}
